@Article{Algo.DQN,
       author = {Mnih, Volodymyr and Kavukcuoglu, Koray and Silver, David and Rusu, Andrei A. and Veness, Joel and Bellemare, Marc G. and Graves, Alex and Riedmiller, Martin and Fidjeland, Andreas K. and Ostrovski, Georg and Petersen, Stig and Beattie, Charles and Sadik, Amir and Antonoglou, Ioannis and King, Helen and Kumaran, Dharshan and Wierstra, Daan and Legg, Shane and Hassabis, Demis},
        title = {Human-level control through deep reinforcement learning},
      journal = {Nature},
        month = Feb,
       number = 7540,
        pages = {529--533},
    publisher = {Nature Publishing Group, a division of Macmillan Publishers Limited. All Rights Reserved.},
          url = {http://dx.doi.org/10.1038/nature14236},
       volume = 518,
         year = 2015
}

@ARTICLE{Algo.A3C,
       author = {{Mnih}, Volodymyr and {Puigdom{\`e}nech Badia}, Adri{\`a} and
         {Mirza}, Mehdi and {Graves}, Alex and {Lillicrap}, Timothy P. and
         {Harley}, Tim and {Silver}, David and {Kavukcuoglu}, Koray},
        title = "{Asynchronous Methods for Deep Reinforcement Learning}",
      journal = {arXiv e-prints},
     keywords = {Computer Science - Machine Learning},
         year = "2016",
archivePrefix = {arXiv},
       eprint = {1602.01783},
       adsurl = {https://ui.adsabs.harvard.edu/\#abs/2016arXiv160201783M},
      adsnote = {Provided by the SAO/NASA Astrophysics Data System}
}

@ARTICLE{Algo.CarRacingA3C,
       author = {{Jang}, Se Won and {Min}, Jesik and {Lee}, Chan},
        title = "{Reinforcement Car Racing with A3C}",
          url = {https: //www.scribd.com/document/358019044/Reinforcement-Car-Racing-with-A3C},
         year = "2017"
}

@ARTICLE{Algo.PPO,
       author = {{Schulman}, John and {Wolski}, Filip and {Dhariwal}, Prafulla and
         {Radford}, Alec and {Klimov}, Oleg},
        title = "{Proximal Policy Optimization Algorithms}",
      journal = {arXiv e-prints},
     keywords = {Computer Science - Machine Learning},
         year = "2017",
archivePrefix = {arXiv},
       eprint = {1707.06347},
       adsurl = {https://ui.adsabs.harvard.edu/\#abs/2017arXiv170706347S},
      adsnote = {Provided by the SAO/NASA Astrophysics Data System}
}

@ARTICLE{Algo.D4PG,
       author = {{Barth-Maron}, Gabriel and {Hoffman}, Matthew W. and {Budden}, David and
         {Dabney}, Will and {Horgan}, Dan and {TB}, Dhruva and
         {Muldal}, Alistair and {Heess}, Nicolas and {Lillicrap}, Timothy},
        title = "{Distributed Distributional Deterministic Policy Gradients}",
      journal = {arXiv e-prints},
     keywords = {Computer Science - Machine Learning, Computer Science - Artificial Intelligence, Statistics - Machine Learning},
         year = "2018",
archivePrefix = {arXiv},
       eprint = {1804.08617},
       adsurl = {https://ui.adsabs.harvard.edu/abs/2018arXiv180408617B},
      adsnote = {Provided by the SAO/NASA Astrophysics Data System}
}

@ARTICLE{Algo.Rainbow,
       author = {{Hessel}, Matteo and {Modayil}, Joseph and {van Hasselt}, Hado and
         {Schaul}, Tom and {Ostrovski}, Georg and {Dabney}, Will and
         {Horgan}, Dan and {Piot}, Bilal and {Azar}, Mohammad and
         {Silver}, David},
        title = "{Rainbow: Combining Improvements in Deep Reinforcement Learning}",
      journal = {arXiv e-prints},
     keywords = {Computer Science - Artificial Intelligence, Computer Science - Machine Learning},
         year = "2017",
archivePrefix = {arXiv},
       eprint = {1710.02298},
       adsurl = {https://ui.adsabs.harvard.edu/\#abs/2017arXiv171002298H},
      adsnote = {Provided by the SAO/NASA Astrophysics Data System}
}

@ARTICLE{Algo.AlphaGoZero,
       author = {Silver, David and Schrittwieser, Julian and Simonyan, Karen and Antonoglou, Ioannis and Huang, Aja and Guez, Arthur and Hubert, Thomas and Baker, Lucas and Lai, Matthew and Bolton, Adrian and Chen, Yutian and Lillicrap, Timothy and Hui, Fan and Sifre, Laurent and van den Driessche, George and Graepel, Thore and Hassabis, Demis},
        title = {Mastering the game of Go without human knowledge},
      journal = {Nature},
     keywords = {2017 deep-learning deepmind google paper reinforcement-learning},
    publisher = {Macmillan Publishers Limited, part of Springer Nature. All rights reserved.},
          url = {http://dx.doi.org/10.1038/nature24270},
       volume = 550,
         year = 2017
}

@ARTICLE{Algo.AlphaZero,
        title = {A general reinforcement learning algorithm that masters chess, shogi, and Go through self-play},
       author = {Silver, David and Hubert, Thomas and Schrittwieser, Julian and Antonoglou, Ioannis and Lai, Matthew and Guez, Arthur and Lanctot, Marc and Sifre, Laurent and Kumaran, Dharshan and Graepel, Thore and others},
      journal = {Science},
       volume = {362},
         year = {2018},
    publisher = {American Association for the Advancement of Science}
}

@ARTICLE{Algo.FastGenerativeModels,
       author = {{Buesing}, Lars and {Weber}, Theophane and {Racaniere}, Sebastien and
         {Eslami}, S.~M. Ali and {Rezende}, Danilo and {Reichert}, David P. and
         {Viola}, Fabio and {Besse}, Frederic and {Gregor}, Karol and
         {Hassabis}, Demis and {Wierstra}, Daan},
        title = "{Learning and Querying Fast Generative Models for Reinforcement Learning}",
      journal = {arXiv e-prints},
     keywords = {Computer Science - Machine Learning},
         year = "2018",
archivePrefix = {arXiv},
       eprint = {1802.03006},
       adsurl = {https://ui.adsabs.harvard.edu/\#abs/2018arXiv180203006B},
      adsnote = {Provided by the SAO/NASA Astrophysics Data System}
}

@ARTICLE{Algo.I2A,
       author = {{Weber}, Th{\'e}ophane and {Racani{\`e}re}, S{\'e}bastien and
         {Reichert}, David P. and {Buesing}, Lars and {Guez}, Arthur and
         {Jimenez Rezende}, Danilo and {Puigdom{\`e}nech Badia}, Adria and
         {Vinyals}, Oriol and {Heess}, Nicolas and {Li}, Yujia and
         {Pascanu}, Razvan and {Battaglia}, Peter and {Hassabis}, Demis and
         {Silver}, David and {Wierstra}, Daan},
        title = "{Imagination-Augmented Agents for Deep Reinforcement Learning}",
      journal = {arXiv e-prints},
     keywords = {Computer Science - Machine Learning, Computer Science - Artificial Intelligence, Statistics - Machine Learning},
         year = "2017",
archivePrefix = {arXiv},
       eprint = {1707.06203},
       adsurl = {https://ui.adsabs.harvard.edu/\#abs/2017arXiv170706203W},
      adsnote = {Provided by the SAO/NASA Astrophysics Data System}
}

@ARTICLE{Algo.JointFrameRewardPrediction,
       author = {{Leibfried}, Felix and {Kushman}, Nate and {Hofmann}, Katja},
        title = "{A Deep Learning Approach for Joint Video Frame and Reward Prediction in Atari Games}",
      journal = {arXiv e-prints},
     keywords = {Computer Science - Artificial Intelligence, Computer Science - Machine Learning, Statistics - Machine Learning},
         year = "2016",
archivePrefix = {arXiv},
       eprint = {1611.07078},
       adsurl = {https://ui.adsabs.harvard.edu/\#abs/2016arXiv161107078L},
      adsnote = {Provided by the SAO/NASA Astrophysics Data System}
}

@ARTICLE{Algo.MBVE,
       author = {{Feinberg}, Vladimir and {Wan}, Alvin and {Stoica}, Ion and
         {Jordan}, Michael I. and {Gonzalez}, Joseph E. and {Levine}, Sergey},
        title = "{Model-Based Value Estimation for Efficient Model-Free Reinforcement Learning}",
      journal = {arXiv e-prints},
     keywords = {Computer Science - Machine Learning, Computer Science - Artificial Intelligence, Statistics - Machine Learning},
         year = "2018",
archivePrefix = {arXiv},
       eprint = {1803.00101},
       adsurl = {https://ui.adsabs.harvard.edu/\#abs/2018arXiv180300101F},
      adsnote = {Provided by the SAO/NASA Astrophysics Data System}
}

@ARTICLE{Algo.PlaNet,
       author = {{Hafner}, Danijar and {Lillicrap}, Timothy and {Fischer}, Ian and
         {Villegas}, Ruben and {Ha}, David and {Lee}, Honglak and
         {Davidson}, James},
        title = "{Learning Latent Dynamics for Planning from Pixels}",
      journal = {arXiv e-prints},
     keywords = {Computer Science - Machine Learning, Computer Science - Artificial Intelligence, Statistics - Machine Learning},
         year = "2018",
archivePrefix = {arXiv},
       eprint = {1811.04551v4},
       adsurl = {https://ui.adsabs.harvard.edu/\#abs/2018arXiv181104551H},
      adsnote = {Provided by the SAO/NASA Astrophysics Data System}
}

@ARTICLE{Algo.Glow5bit,
       author = {{Kingma}, Diederik P. and {Dhariwal}, Prafulla},
        title = "{Glow: Generative Flow with Invertible 1x1 Convolutions}",
      journal = {arXiv e-prints},
     keywords = {Statistics - Machine Learning, Computer Science - Artificial Intelligence, Computer Science - Machine Learning},
         year = "2018",
archivePrefix = {arXiv},
       eprint = {1807.03039},
       adsurl = {https://ui.adsabs.harvard.edu/abs/2018arXiv180703039K},
      adsnote = {Provided by the SAO/NASA Astrophysics Data System}
}

@ARTICLE{Algo.RecurrentEnvSim,
       author = {{Chiappa}, Silvia and {Racaniere}, S{\'e}bastien and {Wierstra}, Daan and
         {Mohamed}, Shakir},
        title = "{Recurrent Environment Simulators}",
      journal = {arXiv e-prints},
     keywords = {Computer Science - Artificial Intelligence, Computer Science - Machine Learning, Statistics - Machine Learning},
         year = "2017",
archivePrefix = {arXiv},
       eprint = {1704.02254},
       adsurl = {https://ui.adsabs.harvard.edu/\#abs/2017arXiv170402254C},
      adsnote = {Provided by the SAO/NASA Astrophysics Data System}
}

@ARTICLE{Algo.Sketch-RNN,
       author = {{Ha}, David and {Eck}, Douglas},
        title = "{A Neural Representation of Sketch Drawings}",
      journal = {arXiv e-prints},
     keywords = {Computer Science - Neural and Evolutionary Computing, Computer Science - Machine Learning, Statistics - Machine Learning},
         year = "2017",
archivePrefix = {arXiv},
       eprint = {1704.03477},
       adsurl = {https://ui.adsabs.harvard.edu/abs/2017arXiv170403477H},
      adsnote = {Provided by the SAO/NASA Astrophysics Data System}
}

@ARTICLE{Algo.WorldModels,
       author = {{Ha}, David and {Schmidhuber}, J{\"u}rgen},
        title = "{World Models}",
      journal = {arXiv e-prints},
     keywords = {Computer Science - Machine Learning, Statistics - Machine Learning},
         year = "2018",
archivePrefix = {arXiv},
       eprint = {1803.10122},
       adsurl = {https://ui.adsabs.harvard.edu/\#abs/2018arXiv180310122H},
      adsnote = {Provided by the SAO/NASA Astrophysics Data System}
}

@ARTICLE{Algo.CMAES,
       author = {{Hansen}, Nikolaus},
        title = "{The CMA Evolution Strategy: A Tutorial}",
      journal = {arXiv e-prints},
     keywords = {Computer Science - Machine Learning, Statistics - Machine Learning},
         year = "2016",
archivePrefix = {arXiv},
       eprint = {1604.00772},
       adsurl = {https://ui.adsabs.harvard.edu/abs/2016arXiv160400772H},
      adsnote = {Provided by the SAO/NASA Astrophysics Data System}
}

@ARTICLE{Algo.SimPLe,
       author = {{Kaiser}, Lukasz and {Babaeizadeh}, Mohammad and {Milos}, Piotr and
         {Osinski}, Blazej and {Campbell}, Roy H and {Czechowski}, Konrad and
         {Erhan}, Dumitru and {Finn}, Chelsea and {Kozakowski}, Piotr and
         {Levine}, Sergey},
        title = "{Model-Based Reinforcement Learning for Atari}",
      journal = {arXiv e-prints},
     keywords = {Computer Science - Machine Learning, Statistics - Machine Learning},
         year = "2019",
archivePrefix = {arXiv},
       eprint = {1903.00374},
       adsurl = {https://ui.adsabs.harvard.edu/abs/2019arXiv190300374K},
      adsnote = {Provided by the SAO/NASA Astrophysics Data System}
}

@ARTICLE{Algo.VPN,
       author = {{Oh}, Junhyuk and {Singh}, Satinder and {Lee}, Honglak},
        title = "{Value Prediction Network}",
      journal = {arXiv e-prints},
     keywords = {Computer Science - Artificial Intelligence, Computer Science - Machine Learning},
         year = "2017",
archivePrefix = {arXiv},
       eprint = {1707.03497},
       adsurl = {https://ui.adsabs.harvard.edu/abs/2017arXiv170703497O},
      adsnote = {Provided by the SAO/NASA Astrophysics Data System}
}

@ARTICLE{Algo.TDSearch,
       author = "Silver, David and Sutton, Richard S. and M{\"u}ller, Martin",
        title = "Temporal-difference search in computer Go",
      journal = "Machine Learning",
         year = "2012",
       volume = "87",
       number = "2",
        pages = "183--219",
         issn = "1573-0565",
          doi = "10.1007/s10994-012-5280-0",
          url = "https://doi.org/10.1007/s10994-012-5280-0"
}

@INPROCEEDINGS{Algo.MCTS,
       author = "Kocsis, Levente and Szepesv{\'a}ri, Csaba",
       editor = "F{\"u}rnkranz, Johannes and Scheffer, Tobias and Spiliopoulou, Myra",
        title = "Bandit Based Monte-Carlo Planning",
    booktitle = "Machine Learning: ECML 2006",
         year = "2006",
    publisher = "Springer Berlin Heidelberg"
}

@UNPUBLISHED{Algo.AlphaFold,
       author = {Evans, Richard and Jumper, John and Kirkpatrick, James and Sifre, Laurent and Green, Tim and Qin, Chongli and Žídek, Augustin and Nelson, Sandy and Bridgland, Alex and Penedones, Hugo and Petersen, Stig and Simonyan, Karen and Crossan, Steve and Jones, David and Silver, David and Kavukcuoglu, Koray and Hassabis, Demis and Senior, Andrew},
        title = {De novo structure prediction with deep-learning based scoring},
      journal = {Thirteenth Critical Assessment of Techniques for Protein Structure},
         year = {2018},
        month = {12},
          url = "https://deepmind.com/blog/alphafold/"
}

@ARTICLE{Algo.VAE,
       author = {{Jimenez Rezende}, Danilo and {Mohamed}, Shakir and {Wierstra}, Daan},
        title = "{Stochastic Backpropagation and Approximate Inference in Deep Generative Models}",
      journal = {arXiv e-prints},
     keywords = {Statistics - Machine Learning, Computer Science - Artificial Intelligence, Computer Science - Machine Learning, Statistics - Computation, Statistics - Methodology},
         year = "2014",
archivePrefix = {arXiv},
       eprint = {1401.4082},
       adsurl = {https://ui.adsabs.harvard.edu/\#abs/2014arXiv1401.4082J},
      adsnote = {Provided by the SAO/NASA Astrophysics Data System}
}

@ARTICLE{Algo.betaVAE,
       author = {Irina Higgins and Lo{\"i}c Matthey and Arka Pal and Christopher Burgess and Xavier Glorot and Matthew Botvinick and Shakir Mohamed and Alexander Lerchner},
        title = {beta-VAE: Learning Basic Visual Concepts with a Constrained Variational Framework},
      journal = {ICLR},
         year = {2017}
}

@ARTICLE{Algo.LSTM,
       author = {Hochreiter, Sepp and Schmidhuber, J\"{u}rgen},
        title = {Long Short-Term Memory},
      journal = {Neural Comput.},
         year = {1997},
         issn = {0899-7667},
          url = {http://dx.doi.org/10.1162/neco.1997.9.8.1735},
          doi = {10.1162/neco.1997.9.8.1735},
        acmid = {1246450},
    publisher = {MIT Press},
      address = {Cambridge, MA, USA},
} 

@ARTICLE{Algo.GRU,
       author = {{Cho}, Kyunghyun and {van Merrienboer}, Bart and {Gulcehre}, Caglar and
         {Bahdanau}, Dzmitry and {Bougares}, Fethi and {Schwenk}, Holger and
         {Bengio}, Yoshua},
        title = "{Learning Phrase Representations using RNN Encoder-Decoder for Statistical Machine Translation}",
      journal = {arXiv e-prints},
     keywords = {Computer Science - Computation and Language, Computer Science - Machine Learning, Computer Science - Neural and Evolutionary Computing, Statistics - Machine Learning},
         year = "2014",
archivePrefix = {arXiv},
       eprint = {1406.1078},
       adsurl = {https://ui.adsabs.harvard.edu/abs/2014arXiv1406.1078C},
      adsnote = {Provided by the SAO/NASA Astrophysics Data System}
}

@ARTICLE{Algo.Adam,
       author = {{Kingma}, Diederik P. and {Ba}, Jimmy},
        title = "{Adam: A Method for Stochastic Optimization}",
      journal = {arXiv e-prints},
     keywords = {Computer Science - Machine Learning},
         year = "2014",
archivePrefix = {arXiv},
       eprint = {1412.6980},
       adsurl = {https://ui.adsabs.harvard.edu/abs/2014arXiv1412.6980K},
      adsnote = {Provided by the SAO/NASA Astrophysics Data System}
}

@ARTICLE{Algo.Nesterov,
        title = {On the importance of initialization and momentum in deep learning},
       author = {Ilya Sutskever and James Martens and George Dahl and Geoffrey Hinton},
    booktitle = {Proceedings of the 30th International Conference on Machine Learning},
         year = {2013},
    publisher = {PMLR},
          url = {http://proceedings.mlr.press/v28/sutskever13.html}
}

@ARTICLE{Algo.ReLU,
       author = {Nair, Vinod and Hinton, Geoffrey E.},
        title = {Rectified Linear Units Improve Restricted Boltzmann Machines},
    booktitle = {Proceedings of the 27th International Conference on International Conference on Machine Learning},
       series = {ICML'10},
         year = {2010},
         isbn = {978-1-60558-907-7},
     location = {Haifa, Israel},
        pages = {807--814},
     numpages = {8},
          url = {http://dl.acm.org/citation.cfm?id=3104322.3104425},
        acmid = {3104425},
    publisher = {Omnipress}
} 

@INCOLLECTION{Algo.CEM,
        title = "Chapter 3 - The Cross-Entropy Method for Optimization",
       author = "Zdravko I. Botev and Dirk P. Kroese and Reuven Y. Rubinstein and Pierre L’Ecuyer",
       series = "Handbook of Statistics",
    publisher = "Elsevier",
       volume = "31",
        pages = "35 - 59",
         year = "2013",
    booktitle = "Handbook of Statistics",
         issn = "0169-7161",
          doi = "https://doi.org/10.1016/B978-0-444-53859-8.00003-5",
     keywords = "cross-entropy, continuous and combinatorial optimization, noisy optimization, population Monte Carlo, network planning problem, likelihood maximization"
}

@ARTICLE{Algo.MDNRNN,
       author = {{Graves}, Alex},
        title = "{Generating Sequences With Recurrent Neural Networks}",
      journal = {arXiv e-prints},
     keywords = {Computer Science - Neural and Evolutionary Computing, Computer Science - Computation and Language},
         year = "2013",
archivePrefix = {arXiv},
       eprint = {1308.0850},
       adsurl = {https://ui.adsabs.harvard.edu/\#abs/2013arXiv1308.0850G},
      adsnote = {Provided by the SAO/NASA Astrophysics Data System}
}

@ARTICLE{Algo.ESRL,
       author = {{Salimans}, Tim and {Ho}, Jonathan and {Chen}, Xi and {Sidor}, Szymon and
         {Sutskever}, Ilya},
        title = "{Evolution Strategies as a Scalable Alternative to Reinforcement Learning}",
      journal = {arXiv e-prints},
     keywords = {Statistics - Machine Learning, Computer Science - Artificial Intelligence, Computer Science - Machine Learning, Computer Science - Neural and Evolutionary Computing},
         year = "2017",
archivePrefix = {arXiv},
       eprint = {1703.03864},
       adsurl = {https://ui.adsabs.harvard.edu/\#abs/2017arXiv170303864S},
      adsnote = {Provided by the SAO/NASA Astrophysics Data System}
}

@ARTICLE{Algo.AuxiliaryTasks,
       author = {{Jaderberg}, Max and {Mnih}, Volodymyr and {Czarnecki}, Wojciech Marian and
         {Schaul}, Tom and {Leibo}, Joel Z and {Silver}, David and
         {Kavukcuoglu}, Koray},
        title = "{Reinforcement Learning with Unsupervised Auxiliary Tasks}",
      journal = {arXiv e-prints},
     keywords = {Computer Science - Machine Learning, Computer Science - Neural and Evolutionary Computing},
         year = "2016",
archivePrefix = {arXiv},
       eprint = {1611.05397},
       adsurl = {https://ui.adsabs.harvard.edu/\#abs/2016arXiv161105397J},
      adsnote = {Provided by the SAO/NASA Astrophysics Data System}
}

@ARTICLE{Study.Cesarean,
       author = {Mor-Yosef, S and Arnon, Samueloff and Modan, B and Navot, D and Schenker, Joseph},
         year = {1990},
        month = {07},
        pages = {944-7},
        title = {Ranking the risk factors for cesarean: Logistic regression analysis of a nationwide study},
       volume = {75},
      journal = {Obstetrics and gynecology}
}

@MISC{Study.FaultyReward,
       author = {Clark, Jack and Amodei, Dario},
        title = {Faulty Reward Functions in the Wild},
 howpublished = {\url{https://openai.com/blog/faulty-reward-functions/}},
         note = {Accessed: 2019-05-25}
}

@BOOK{Study.FrameSkipping,
        title = {Game-independent AI Agents for Playing Atari 2600 Console Games},
       author = {Naddaf, Y. and University of Alberta. Department of Computing Science},
          url = {https://books.google.pl/books?id=c85vnQAACAAJ},
         year = {2010},
    publisher = {University of Alberta}
}

@ARTICLE{Study.CompoundingModelError,
       author = {Talvitie, Erik},
        title = {Model Regularization for Stable Sample Rollouts},
    booktitle = {Proceedings of the Thirtieth Conference on Uncertainty in Artificial Intelligence},
       series = {UAI'14},
         year = {2014},
        pages = {780--789},
          url = {http://dl.acm.org/citation.cfm?id=3020751.3020832},
        acmid = {3020832},
    publisher = {AUAI Press}
}

@ARTICLE{Study.PlanWithImperfectModel,
       author = {Talvitie, Erik},
        title = {Agnostic System Identification for Monte Carlo Planning},
    booktitle = {Proceedings of the Twenty-Ninth AAAI Conference on Artificial Intelligence},
       series = {AAAI'15},
         year = {2015},
        pages = {2986--2992},
          url = {http://dl.acm.org/citation.cfm?id=2888116.2888132},
        acmid = {2888132},
    publisher = {AAAI Press}
}

@BOOK{Book.DeepLearning,
        title = {Deep Learning},
       author = {Ian Goodfellow and Yoshua Bengio and Aaron Courville},
    publisher = {MIT Press},
         note = {\url{http://www.deeplearningbook.org}},
         year = {2016}
}

@BOOK{Book.RLAI,
       author = {Sutton, Richard S. and Barto, Andrew G.},
         isbn = {9780262039246},
        title = {{Reinforcement Learning: An Introduction 2nd}},
         year = {2018},
    publisher = {The MIT Press}
}

@ARTICLE{Code.ALE,
       author = {{Bellemare}, Marc G. and {Naddaf}, Yavar and {Veness}, Joel and {Bowling}, Michael},
        title = "{The Arcade Learning Environment: An Evaluation Platform for General Agents}",
      journal = {arXiv e-prints},
     keywords = {Computer Science - Artificial Intelligence},
         year = "2012",
archivePrefix = {arXiv},
       eprint = {1207.4708},
       adsurl = {https://ui.adsabs.harvard.edu/abs/2012arXiv1207.4708B},
      adsnote = {Provided by the SAO/NASA Astrophysics Data System}
}

@MISC{Code.HRL,
  author = {Piotr Januszewski and Grzegorz Beringer and Mateusz Jablonski},
  title = {HumbleRL - Straightforward reinforcement learning Python framework},
  year = {2019},
  publisher = {GitHub},
  journal = {GitHub repository},
  url = {https://github.com/piojanu/humblerl}
}

@MISC{Code.OpenAIGym,
       author = {Greg Brockman and Vicki Cheung and Ludwig Pettersson and Jonas Schneider and John Schulman and Jie Tang and Wojciech Zaremba},
        title = {OpenAI Gym},
         year = {2016},
archivePrefix = {arXiv},
       eprint = {1606.01540}
}

@MISC{Code.Keras,
        title = {Keras},
       author = {Chollet, Fran\c{c}ois and others},
         year = {2015},
 howpublished = {\url{https://keras.io}}
}

@INPROCEEDINGS{Code.PyTorch,
        title = {Automatic Differentiation in {PyTorch}},
       author = {Paszke, Adam and Gross, Sam and Chintala, Soumith and Chanan, Gregory and Yang, Edward and DeVito, Zachary and Lin, Zeming and Desmaison, Alban and Antiga, Luca and Lerer, Adam},
    booktitle = {NIPS Autodiff Workshop},
         year = {2017}
}

@MISC{Code.Sokoban,
       author = {Schrader, Max-Philipp B.},
        title = {gym-sokoban},
         year = {2018},
    publisher = {GitHub},
      journal = {GitHub repository},
 howpublished = {\url{https://github.com/mpSchrader/gym-sokoban}}
}

@MISC{Code.PlaNet,
       author = {{Hafner}, Danijar and {Lillicrap}, Timothy and {Fischer}, Ian and
         {Villegas}, Ruben and {Ha}, David and {Lee}, Honglak and
         {Davidson}, James},
        title = {Deep Planning Network},
         year = {2019},
    publisher = {GitHub},
      journal = {GitHub repository},
 howpublished = {\url{https://github.com/google-research/planet}}
}

@ARTICLE{Code.TFAgents,
       author = {Danijar Hafner and James Davidson and Vincent Vanhoucke},
        title = {TensorFlow Agents: Efficient Batched Reinforcement Learning in TensorFlow},
      journal = {arXiv e-prints},
         year = {2017},
          url = {http://arxiv.org/abs/1709.02878},
archivePrefix = {arXiv},
       eprint = {1709.02878}
}

@ARTICLE{Benchmark.Sokoban,
        title = "SOKOBAN and other motion planning problems",
      journal = "Computational Geometry",
         year = "1999",
         issn = "0925-7721",
          doi = "https://doi.org/10.1016/S0925-7721(99)00017-6",
          url = "http://www.sciencedirect.com/science/article/pii/S0925772199000176",
       author = "Dorit Dor and Uri Zwick",
     keywords = "SOKOBAN, Motion planning, NP-hardness, PSPACE-completeness"
}

@ARTICLE{Benchmark.RevisitingALE,
       author = {{Machado}, Marlos C. and {Bellemare}, Marc G. and {Talvitie}, Erik and
         {Veness}, Joel and {Hausknecht}, Matthew and {Bowling}, Michael},
        title = "{Revisiting the Arcade Learning Environment: Evaluation Protocols and Open Problems for General Agents}",
      journal = {arXiv e-prints},
     keywords = {Computer Science - Machine Learning},
         year = "2017",
archivePrefix = {arXiv},
       eprint = {1709.06009},
       adsurl = {https://ui.adsabs.harvard.edu/abs/2017arXiv170906009M},
      adsnote = {Provided by the SAO/NASA Astrophysics Data System}
}

@MISC{Game.MSPACMAN,
       author = "{Wikipedia contributors}",
        title = "Ms. Pac-Man --- {Wikipedia}{,} The Free Encyclopedia",
         year = "2019",
          url = "https://en.wikipedia.org/w/index.php?title=Ms._Pac-Man&oldid=900278576",
         note = "[Online; accessed 21-June-2019]"
}